@book{CameronTrivedi2013,
  author    = {A. Colin Cameron and Pravin K. Trivedi},
  title     = {Regression Analysis of Count Data},
  year      = {2013},
  edition   = {2nd},
  publisher = {Cambridge University Press},
  address   = {Cambridge}
}

@article{FreudRecargado2023,
  author    = {Vanessa EgoMeter and Ludwig BrainDrama},
  title     = {Why Do I Love Me? A Neural Survey of Self-Admiration},
  journal   = {Journal of Questionable Personality Traits},
  year      = {2023},
  volume    = {42},
  number    = {6},
  pages     = {1337--1350},
  doi       = {10.1234/jqpt.2023.007},
  publisher = {Society for Narcissism in Disguise}
}

@book{SelfieCerebral2022,
  author    = {Carlos Postureo and María HumildeFalsa},
  title     = {Humblebrags \& Brain Scans: {fMRI} No Miente, Tu Perfil de Instagram Sí},
  year      = {2022},
  edition   = {1st},
  publisher = {Springer},
  series    = {Colección para Narcisistas en Recuperación},
  address   = {Berlin},
  isbn      = {978-3-16-148410-0}
}

@book{DejaDeLeer2021,
  author    = {Ana TerapiaExpress},
  title     = {Deja de Leer Esto y Ve a Terapia: Guía de Supervivencia para el Autoengañado Crónico},
  year      = {2021},
  publisher = {Ediciones Ironía Sana},
  address   = {Buenos Aires}
}

@incollection{NeuroFilter2020,
  author    = {Alan Hashtag},
  title     = {NeuroFilter: Cómo Detectar un {``Humblebrag''} en 280 Caracteres o Menos},
  booktitle = {Memes y Neuronas: La Ciencia detrás de tu Timeline Tóxico},
  editor    = {Twitter Académico},
  year      = {2020},
  publisher = {TikTok Academic Publications},
  pages     = {69--420}
}

@article{DopaminaYSelfies2019,
  author    = {Dopamina González and Sergio Likeador},
  title     = {La Curva de la Dopamina en Publicaciones de Café Artesanal: Un Estudio con Narcisistas Encubiertos},
  journal   = {Annual Review of Pretentious Behavior},
  year      = {2019},
  volume    = {7},
  pages     = {42--666},
  doi       = {10.6666/ar.pb.2019.007}
}

@book{NeurosisEnPijama2023,
  author    = {Freud 2.0},
  title     = {Neurosis en Pijama: La Neurociencia del Que Sube Historias Motivacionales a las 3 AM},
  year      = {2023},
  publisher = {NeuroVanity Press},
  address   = {Silicon Valley},
  note      = {Incluye un capítulo titulado: "El Efecto Dunning-Kruger en los Influencers Filosóficos"}
}

@techreport{IAyNarcisismo2024,
  author    = {ChatGPT-10},
  title     = {¿Puede la {IA} Diagnosticar a tu Ex? Un Análisis de Mensajes Pasivo-Agresivos en Tinder},
  year      = {2024},
  institution = {Instituto de Tecnologías Dramáticas},
  type      = {Reporte Técnico},
  number    = {NTD-007},
  note      = {Financiado por la Fundación "Sí, Soy Bien Intenso, ¿Y Qué?"}
}