@online{t._kenny2023,
  author = {T. Kenny, Christopher},
  title = {Creating {Quarto} {Journal} {Article} {Templates}},
  date = {2023-07-01},
  url = {https://christopherkenny/posts/2023-07-01-creating-quarto-journal-articles},
  langid = {en}
}


@article{guo2020,
	title = {The origin, transmission and clinical therapies on coronavirus disease 2019 (COVID-19) outbreak {\textendash} an update on the status of our research.},
	author = {{Guo}, {Yan-Rong} and {Cao}, {Qing-Dong} and {Hong}, {Zhong-Si} and {Tan}, {Yuan-Yang} and {Chen}, {Shou-Deng} and {Jin}, {Hong-Jun} and {Tan}, {Kai-Sen} and {Wang}, {De-Yun} and {Yan}, {Yan}},
	year = {2020},
	month = {12},
	date = {2020-12},
	journal = {Military Medical Research},
	pages = {11},
	volume = {7},
	number = {1},
	doi = {10.1186/s40779-020-00240-0},
	url = {https://mmrjournal.biomedcentral.com/articles/10.1186/s40779-020-00240-0},
	langid = {en}
}